%% This BibTeX bibliography file was created using BibDesk.
%% http://bibdesk.sourceforge.net/


%% Created for Galyardt at 2014-08-21 22:49:39 -0400 


%% Saved with string encoding Unicode (UTF-8) 


